% $ Id: $

@misc(ref:cf,
       author = "{Eaton, B.} and {J. Gregory} and {B. Drach} and {K. Taylor} and {S. Hankin}",
       title = "{NetCDF Climate and Forecast (CF) Metadata Convention}",
       howpublished = "http://www.cgd.ucar.edu/cms/eaton/cf-metadata/index.html")

@misc(ref:iso,
       title = "{International Organization for Standardization}",
       howpublished = "http://www.iso.org/iso/home.html",
       year = "last accessed on May 16, 2011")

@misc(ref:cim,
       title = "{METAFOR}",
       howpublished = "http://metaforclimate.eu/",
       year = "last modified on Oct 30, 2012")

@misc(ref:esdoccim,
       title = "{ES-DOC - What is the CIM?}",
       howpublished = "http://earthsystemcog.org/projects/es-doc-models/cim/",
       year = "last modified on Oct 29, 2012")





