% $Id: Grid_desdoc.bib,v 1.7.4.1 2012/01/06 20:43:39 svasquez Exp $
%
% Earth System Modeling Framework
% Copyright 2002-2012, University Corporation for Atmospheric Research, 
% Massachusetts Institute of Technology, Geophysical Fluid Dynamics 
% Laboratory, University of Michigan, National Centers for Environmental 
% Prediction, Los Alamos National Laboratory, Argonne National Laboratory, 
% NASA Goddard Space Flight Center.
% Licensed under the University of Illinois-NCSA License.

<Standard LaTeX bibliographic database entries (e.g. @techreport ...).
 Latex2html automatically creates links when the \cite command 
 is used to reference a bibliography entry in the text body.>















