% $Id: Grid.bib,v 1.1.14.2 2006/11/16 06:14:47 cdeluca Exp $
%
% Earth System Modeling Framework
% Copyright 2002-2006, University Corporation for Atmospheric Research, 
% Massachusetts Institute of Technology, Geophysical Fluid Dynamics 
% Laboratory, University of Michigan, National Centers for Environmental 
% Prediction, Los Alamos National Laboratory, Argonne National Laboratory, 
% NASA Goddard Space Flight Center.
% Licensed under the University of Illinois-NCSA License.

<Standard LaTeX bibliographic database entries (e.g. @techreport ...).
 Latex2html automatically creates links when the \cite command 
 is used to reference a bibliography entry in the text body.>















