% $Id: InternDG.bib,v 1.3.2.2 2009/01/21 21:25:22 cdeluca Exp $
%
% Earth System Modeling Framework
% Copyright 2002-2009, University Corporation for Atmospheric Research, 
% Massachusetts Institute of Technology, Geophysical Fluid Dynamics 
% Laboratory, University of Michigan, National Centers for Environmental 
% Prediction, Los Alamos National Laboratory, Argonne National Laboratory, 
% NASA Goddard Space Flight Center.
% Licensed under the University of Illinois-NCSA License.

% abbreviations
@String{BAMS = {Bull. Amer. Met. Soc.}}
@String{JAS = {J. Atmos. Sci.}}
@String{JAOT = {J. Atmos. Ocean. Tech.}}
@String{JCP = {J. Comp. Phys.}}
@String{MWR = {Mon. Wea. Rev.}}
@String{QJRMS = {Quart. J. Roy. Meteor. Soc.}}

@Article{ref:a1966,
  author =       {A. Arakawa},
  title =        {Computational design for long-term numerical
                  integration of the equations of atmospheric motion.},
  journal =      JCP,
  year =         1966,
  volume =       1,
  pages =        {119--143},
  annote =       {Grids}
}

@Article{ref:m1996,
  author =       {Ross J. Murray},
  title =        {Explicit Generation of Orthogonal grids for Ocean
                  Models.},
  journal =      JCP,
  year =         1996,
  volume =       126,
  pages =        {251 -- 273}
}

@article{art:majewski+:gme,
  author =       "D. Majewski and D. Liermann and P. Prohl and B. Ritter
              and M. Buchhold and T. Hanisch and G. Paul and W. Wergen",
  title  =       "{The Operational Glbal Icosahedral-Hexagonal Gridpoint
                   Model GME: Description and High-Resolution Tests}",
  journal="Monthly Weather Review",
  year=2002,
  volume="130",
  pages="319--338",
}

@article{art:heikes+:geodesic,
  author =       "R. Heikes and D. A. Randall",
  title  =       "{Numerical Integration of the Shallow-water Equations
                   of a Twisted Icosahedral Grid. Part I: Basic Design
                   and Results of Tests}",
  journal="Monthly Weather Review",
  year=1995,
  volume="123",
  pages="1862--1880",
}

@Article{ref:rpm1996,
  author =       {M. Rancic and R.J. Purser and F. Mesinger},
  title =        {A global shallow-water model using an expanded
                  spherical cube: Gnomonic versus conformal
                  coordinates.},
  journal =      QJRMS,
  year =         1996,
  volume =       122,
  pages =        {959 -- 982}
}

@InProceedings{ref:b2001,
  author =       {V. Balaji},
  title =        {Parallel numerical kernels for climate models},
  booktitle =    {ECMWF Teracomputing Workshop},
  year =         2001,
  editor =       {ECMWF},
  publisher =    {World Scientific Press}
}
















